@manual{toshiba:tc4021b,
    organization = "Toshiba Semiconductor",
    title = "8-Stage Static Shift Register",
    number = "TC4021B",
    month = 12,
    year = 1997,
    note = ""
}

@manual{philips:pcd8544,
    organization = "Philips Semiconductors",
    title = "48×84 pixels matrix LCD controller/driver",
    number = "PCD8544",
    month = 4,
    year = 1999,
    note = ""
}

@manual{fairchild:cd4021bc,
    organization = "Fairchild Semiconductor",
    title = "8-Stage Static Shift Register",
    number = "CD4021BC",
    month = 10,
    year = 2002,
    note = "Rev. 2"
}

@manual{atmel:mega32,
    organization = "Atmel Corporation",
    title = "8-bit AVR Microcontroller with 32KBytes In-System Programmable Flash",
    number = "ATmega32",
    month = 02,
    year = 2011,
    note = "Rev. 2503Q–AVR-02/11"
}
